<record xmlns="http://www.loc.gov/MARC21/slim">
   <leader>03740cam a2200433 i 4500</leader>
   <controlfield tag="001">6776032</controlfield>
   <controlfield tag="003">OCoLC</controlfield>
   <controlfield tag="005">20141229135324.0</controlfield>
   <controlfield tag="008">140817t20152015ne       b    101 0 eng  </controlfield>
   <datafield ind1=" " ind2=" " tag="010">
      <subfield code="a">  2014026700</subfield>
   </datafield>
   <datafield ind1=" " ind2=" " tag="020">
      <subfield code="a">9789004281639</subfield>
      <subfield code="q">hardback : alk. paper</subfield>
   </datafield>
   <datafield ind1=" " ind2=" " tag="020">
      <subfield code="a">9004281630</subfield>
      <subfield code="q">hardback : alk. paper</subfield>
   </datafield>
   <datafield ind1=" " ind2=" " tag="020">
      <subfield code="z">9789004281646</subfield>
      <subfield code="q">e-book</subfield>
   </datafield>
   <datafield ind1=" " ind2=" " tag="040">
      <subfield code="a">DLC</subfield>
      <subfield code="b">eng</subfield>
      <subfield code="e">rda</subfield>
      <subfield code="c">DLC</subfield>
      <subfield code="d">ERASA</subfield>
      <subfield code="d">YDXCP</subfield>
      <subfield code="d">BTCTA</subfield>
      <subfield code="d">PRK</subfield>
      <subfield code="d">CDX</subfield>
      <subfield code="d">STF</subfield>
      <subfield code="d">OHX</subfield>
      <subfield code="d">CHVBK</subfield>
      <subfield code="d">OCLCQ</subfield>
      <subfield code="d">UAB</subfield>
   </datafield>
   <datafield ind1=" " ind2=" " tag="042">
      <subfield code="a">pcc</subfield>
   </datafield>
   <datafield ind1="0" ind2="0" tag="050">
      <subfield code="a">KB150</subfield>
      <subfield code="b">.D58 2015</subfield>
   </datafield>
   <datafield ind1="0" ind2="0" tag="082">
      <subfield code="a">202/.117</subfield>
      <subfield code="2">23</subfield>
   </datafield>
   <datafield ind1=" " ind2=" " tag="090">
      <subfield code="a">KB 150 D58 2015</subfield>
      <subfield code="b">AEU</subfield>
   </datafield>
   <datafield ind1="0" ind2="4" tag="245">
      <subfield code="a">The divine courtroom in comparative perspective /</subfield>
      <subfield code="c">edited by Ari Mermelstein and Shalom E. Holtz.</subfield>
   </datafield>
   <datafield ind1=" " ind2="1" tag="264">
      <subfield code="a">Leiden ;</subfield>
      <subfield code="a">Boston :</subfield>
      <subfield code="b">Brill,</subfield>
      <subfield code="c">[2015]</subfield>
   </datafield>
   <datafield ind1=" " ind2="4" tag="264">
      <subfield code="c">©2015</subfield>
   </datafield>
   <datafield ind1=" " ind2=" " tag="300">
      <subfield code="a">vi, 308 pages ;</subfield>
      <subfield code="c">25 cm.</subfield>
   </datafield>
   <datafield ind1=" " ind2=" " tag="336">
      <subfield code="a">text</subfield>
      <subfield code="b">txt</subfield>
      <subfield code="2">rdacontent</subfield>
   </datafield>
   <datafield ind1=" " ind2=" " tag="337">
      <subfield code="a">unmediated</subfield>
      <subfield code="b">n</subfield>
      <subfield code="2">rdamedia</subfield>
   </datafield>
   <datafield ind1=" " ind2=" " tag="338">
      <subfield code="a">volume</subfield>
      <subfield code="b">nc</subfield>
      <subfield code="2">rdacarrier</subfield>
   </datafield>
   <datafield ind1="1" ind2=" " tag="490">
      <subfield code="a">Biblical interpretation series,</subfield>
      <subfield code="x">0928-0731 ;</subfield>
      <subfield code="v">volume 132</subfield>
   </datafield>
   <datafield ind1=" " ind2=" " tag="500">
      <subfield code="a">Includes papers presented at a conference held "on February 5-6, 2012, the Leonard and Bea Diener Institute of Jewish Law and the Yeshiva University Center for Jewish Law and Contemporary Civilization, "The Divine Courtroom," at the Benjamin N. Cardozo School of Law."</subfield>
   </datafield>
   <datafield ind1=" " ind2=" " tag="504">
      <subfield code="a">Includes bibliographical references and index.</subfield>
   </datafield>
   <datafield ind1="0" ind2=" " tag="505">
      <subfield code="a">Divine judges on Earth and in heaven / Tzvi Abusch -- The divine courtroom scenes of Daniel 7 and the Qumran Book of Giants : a textual and contextual comparison / Joseph L. Angel -- Justice without judgment : pure procedural justice and the divine courtroom in Sifre Deuteronomy / Chaya Halberstam -- Rabbi Nissim of Girona on the heavenly court, truth, and justice / Warren Zev Harvey -- The divine courtroom motif in the Hebrew bible : a holistic approach / Job Y. Jindo -- Getting perspective : the divine courtroom in Tertullian of Carthage's apologeticum / Meira Z. Kensky -- Disqualified olympians : the skeptical Greek view of divine judges / Victor Bers and Adriaan Lanni -- A life of Jesus as testimony : the divine courtroom and the Gospel of John / Andrew T. Lincoln -- Trying the crime of abuse of royal authority in the divine courtroom and the incident of Naboth's vineyard / F. Rachel Magdalene -- The invention of the divine courtroom in the book of Job / Carol A. Newsom -- The qadi before the judge : the social use of eschatology in Muslim courts / Mathieu Tillier -- Lawsuits against God in rabbinic literature / Dov Weiss.</subfield>
   </datafield>
   <datafield ind1="8" ind2=" " tag="520">
      <subfield code="a">Contributors to 'The divine courtroom in comparative perspective' treat one of the most pervasive religious metaphors, that of the divine courtroom, in both its historical and thematic senses. In order to shed light on the various manifestations of the divine courtroom, this volume consists of essays by scholars of the ancient Near East, Hebrew Bible, Second Temple Judaism, early Christianity, Talmud, Islam, medieval Judaism, and classical Greek literature. Contributions to the volume primarily center upon three related facets of the divine courtroom: the role of the divine courtroom in the earthly legal system; the divine courtroom as the site of historical justice; and the divine courtroom as the venue in which God is called to answer for his own unjust acts.</subfield>
   </datafield>
   <datafield ind1=" " ind2=" " tag="596">
      <subfield code="a">45</subfield>
   </datafield>
   <datafield ind1=" " ind2="0" tag="650">
      <subfield code="a">Comparative religious law</subfield>
      <subfield code="v">Congresses.</subfield>
   </datafield>
   <datafield ind1=" " ind2="0" tag="650">
      <subfield code="a">Religion and justice</subfield>
      <subfield code="v">Congresses.</subfield>
   </datafield>
   <datafield ind1=" " ind2="0" tag="650">
      <subfield code="a">Justice</subfield>
      <subfield code="x">Religious aspects</subfield>
      <subfield code="v">Congresses.</subfield>
   </datafield>
   <datafield ind1="1" ind2=" " tag="700">
      <subfield code="a">Mermelstein, Ari,</subfield>
      <subfield code="e">editor.</subfield>
   </datafield>
   <datafield ind1="1" ind2=" " tag="700">
      <subfield code="a">Holtz, Shalom E.,</subfield>
      <subfield code="e">editor.</subfield>
   </datafield>
   <datafield ind1=" " ind2="0" tag="830">
      <subfield code="a">Biblical interpretation series ;</subfield>
      <subfield code="v">v.132.</subfield>
      <subfield code="x">0928-0731</subfield>
   </datafield>
   <datafield ind1=" " ind2=" " tag="949">
      <subfield code="a">KB 150 D58 2015</subfield>
      <subfield code="c">1</subfield>
      <subfield code="h">UALA-B</subfield>
      <subfield code="i">0162035223948</subfield>
   </datafield>
   <datafield ind1=" " ind2=" " tag="926">
      <subfield code="a">KB 150 D58 2015</subfield>
      <subfield code="w">LC</subfield>
      <subfield code="c">1</subfield>
      <subfield code="i">0162035223948</subfield>
      <subfield code="l">ON_SHELF</subfield>
      <subfield code="m">UALAW</subfield>
      <subfield code="p">$150.00</subfield>
      <subfield code="r">Y</subfield>
      <subfield code="s">Y</subfield>
      <subfield code="t">BOOK</subfield>
      <subfield code="u">1/14/2015</subfield>
   </datafield>
</record>
